
@misc{douglass_jacksfilms_2021,
	title = {jacksfilms on {TikTok}},
	url = {https://www.tiktok.com/@jackstiks/video/6985246283925572870},
	abstract = {10 HUGE mistakes in movies that you probably missed! \#jacksfilms \#movies \#top10 \#fypã‚·},
	language = {en},
	urldate = {2025-05-10},
	journal = {TikTok},
	author = {Douglass, Jack},
	month = jul,
	year = {2021},
	file = {Snapshot:/Users/evelynkimbirk/Zotero/storage/C9BFPESM/6985246283925572870.html:text/html},
}

@book{bee_movie_bee_2007,
	title = {Bee {Movie} (2007) {Script}},
	url = {http://archive.org/details/bee-movie-2007_202405},
	abstract = {Bee Movie ScriptBee Movie 2007 Script
Bee Movie (2007) Script
Bee Movie [2007] Script
Bee Movie (2007 Script)
Bee Movie [2007 Script]},
	language = {eng},
	urldate = {2025-05-10},
	author = {{Bee Movie}},
	month = mar,
	year = {2007},
	keywords = {Bee Movie},
}

@misc{michael_johnmichaelsayshi_2021,
	title = {johnmichaelsayshi on {TikTok}},
	url = {https://www.tiktok.com/@johnmichaelsayshi/video/6956683959132556549},
	abstract = {you're supposed to chew apparently},
	urldate = {2025-05-11},
	journal = {TikTok},
	author = {Michael, John},
	month = apr,
	year = {2021},
	file = {TikTok - Make Your Day:/Users/evelynkimbirk/Zotero/storage/ECNTMZCY/6956683959132556549.html:text/html},
}
